@book{magnus,
    author = {Magnus, Wilhem and Karass, Abraham and Solitar, Donald},
    title = {Combinatorial Group Theory: Presentations of Groups in Terms of Generators and Relations},
    year = {2005}
}

@book{johnson,
    author = {Johnson, D.L.},
    title = {Presentations of Groups},
    year = {1990}
}

@book{lyndon,
    author = {Lyndon, Roger C. and Schupp, Paul E.},
    title = {Combinatorial Group Theory},
    year = {2001}
}

@book{meier,
    author = {Meier, John},
    title = {Groups, Graphs and Trees: An Introduction to the Geometry of Infinite Groups},
    year = {2008}
}

@book{herstein,
    author = {Herstein, I. N.},
    title = {Topics in Algebra},
    year = {1975}
}

@book{baumslag,
    author = {Baumslag, Gilbert},
    title = {Topics in Combinatorial Group Theory},
    year = {1993}
}

@book{halmos,
    author = {Halmos, Paul R.},
    title = {Finite-Dimensional Vector Spaces},
    year = {1958}
}

@book{history,
    author = {Magnus, Wilhem and Chandler, Bruce},
    title = {The History of Combinatorial Group Theory: A Case Study in the History of Ideas},
    year = {1982}
}

@article{genetic,
    author = {{Miasnikov}, A.~D.},
    title = {Genetic algorithms and the Andrews-Curtis conjecture},
    journal = {ArXiv Mathematics e-prints},
    year = {2003},
    month = {apr}
}