@misc{weyl,
        author = {Jacques VerstraÃ«te},
        title = {Notes on Equidistribution},    
        howpublished = {\url{http://www.math.ucsd.edu/~jverstra/Weyl2.pdf}},
}
