@misc{toronto,
    author = {Mustazee Rahman},
    title = {Rothâ€™s Theorem on 3-term Arithmetic Progressions},
    howpublished = {\url{http://wiki.math.toronto.edu/TorontoMathWiki/images/2/2d/Expo_paper.pdf}},
}